<?xml version="1.0" encoding="UTF-8"?><collection xmlns="http://www.loc.gov/MARC21/slim"><record><leader>00383nam--2200133-i-4500</leader><controlfield tag="001">000047145</controlfield><controlfield tag="002">20161230</controlfield><controlfield tag="005">20161230201046</controlfield><controlfield tag="008">060222s1000------------r-----000-0-eng-d</controlfield><datafield ind1=" " ind2=" " tag="080"><subfield code="a">519.654</subfield></datafield><datafield ind1=" " ind2=" " tag="100"><subfield code="a">Weibrecht, Wilh</subfield></datafield><datafield ind1=" " ind2=" " tag="245"><subfield code="a">Ausgleichungsechnung nach der methode der kleinsten quadrate. teil ii: zahlenbeispiele</subfield></datafield><datafield ind1=" " ind2=" " tag="260"><subfield code="a">Berlin, G.J.Goschen`Sche, 1913, 141p</subfield></datafield><datafield ind1=" " ind2=" " tag="852"><subfield code="a">44469</subfield></datafield></record></collection>